<?xml version="1.0" encoding="UTF-8"?><collection xmlns="http://www.loc.gov/MARC21/slim"><record><leader>00424nam--2200145-i-4500</leader><controlfield tag="001">000008097</controlfield><controlfield tag="002">20161230</controlfield><controlfield tag="005">20161230201027</controlfield><controlfield tag="008">060222s1000------------r-----000-0-eng-d</controlfield><datafield ind1=" " ind2=" " tag="080"><subfield code="a">539.142</subfield></datafield><datafield ind1=" " ind2=" " tag="245"><subfield code="a">Coulomb excitation. a collection of reprints with an introductory review by ..</subfield></datafield><datafield ind1=" " ind2=" " tag="260"><subfield code="a">New York,, Academic Press, 1966 374 P</subfield></datafield><datafield ind1=" " ind2=" " tag="490"><subfield code="a">Perspectives In Physics</subfield></datafield><datafield ind1=" " ind2=" " tag="700"><subfield code="a">Adler, K.And Winther, A</subfield></datafield><datafield ind1=" " ind2=" " tag="852"><subfield code="a">27008</subfield></datafield></record></collection>